<?xml version="1.0"?>
<marc:collection xmlns:marc="http://www.loc.gov/MARC21/slim" xmlns:xsi="http://www.w3.org/2001/XMLSchema-instance" xsi:schemaLocation="http://www.loc.gov/MARC21/slim http://www.loc.gov/standards/marcxml/schema/MARC21slim.xsd">
   <marc:record type="Bibliographic">
      <marc:leader>01837cam a2200397 a 4500</marc:leader>
      <marc:controlfield tag="001">568657</marc:controlfield>
      <marc:controlfield tag="003">NjP</marc:controlfield>
      <marc:controlfield tag="005">20150109155603.0</marc:controlfield>
      <marc:controlfield tag="008">900307s1872    tu            000 0 ara d</marc:controlfield>
      <marc:datafield tag="024" ind1="7" ind2=" ">
         <marc:subfield code="a">princeton_aco000077</marc:subfield>
         <marc:subfield code="2">local</marc:subfield>
      </marc:datafield>
      <marc:datafield tag="035" ind1=" " ind2=" ">
         <marc:subfield code="a">(OCoLC)ocn175624183</marc:subfield>
      </marc:datafield>
      <marc:datafield tag="035" ind1=" " ind2=" ">
         <marc:subfield code="a">(OCoLC)28544050</marc:subfield>
      </marc:datafield>
      <marc:datafield tag="035" ind1=" " ind2=" ">
         <marc:subfield code="a">(OCoLC)175624183</marc:subfield>
      </marc:datafield>
      <marc:datafield tag="035" ind1=" " ind2=" ">
         <marc:subfield code="a">(CStRLIN)NJPG90-B10831</marc:subfield>
      </marc:datafield>
      <marc:datafield tag="035" ind1=" " ind2=" ">
         <marc:subfield code="9">ACQ4653TS</marc:subfield>
      </marc:datafield>
      <marc:datafield tag="035" ind1=" " ind2=" ">
         <marc:subfield code="a">(NjP)568657</marc:subfield>
      </marc:datafield>
      <marc:datafield tag="040" ind1=" " ind2=" ">
         <marc:subfield code="a">NjP</marc:subfield>
         <marc:subfield code="c">PUL</marc:subfield>
         <marc:subfield code="d">PUL</marc:subfield>
      </marc:datafield>
      <marc:datafield tag="049" ind1=" " ind2=" ">
         <marc:subfield code="a">PULL</marc:subfield>
      </marc:datafield>
      <marc:datafield tag="079" ind1=" " ind2=" ">
         <marc:subfield code="a">ocm28544050</marc:subfield>
      </marc:datafield>
      <marc:datafield tag="100" ind1="1" ind2=" ">
         <marc:subfield code="6">880-01</marc:subfield>
         <marc:subfield code="a">Mus&#x323;annifak, Bakr ibn Ah&#x323;mad al-Muntashawi&#x304;.</marc:subfield>
      </marc:datafield>
      <marc:datafield tag="245" ind1="1" ind2="0">
         <marc:subfield code="6">880-02</marc:subfield>
         <marc:subfield code="a">Sharh&#x323; &#x2BB;Ala&#x304;qah /</marc:subfield>
         <marc:subfield code="c">li-Mus&#x323;annifak.  Shamsi&#x304;yah / [Najm al-Di&#x304;n &#x2BB;Ali&#x304; ibn &#x2BB;Umar al-Ka&#x304;tibi&#x304;].</marc:subfield>
      </marc:datafield>
      <marc:datafield tag="260" ind1=" " ind2=" ">
         <marc:subfield code="6">880-03</marc:subfield>
         <marc:subfield code="a">[Istanbul :</marc:subfield>
         <marc:subfield code="b">s.n.] ;</marc:subfield>
         <marc:subfield code="c">1289 [1872 or 1873]</marc:subfield>
         <marc:subfield code="e">([Istanbul] :</marc:subfield>
         <marc:subfield code="f">al-Mat&#x323;ba&#x2BB;ah al-&#x2BB;A&#x304;mirah).</marc:subfield>
      </marc:datafield>
      <marc:datafield tag="300" ind1=" " ind2=" ">
         <marc:subfield code="a">45, 32 p. ;</marc:subfield>
         <marc:subfield code="c">23 cm.</marc:subfield>
      </marc:datafield>
      <marc:datafield tag="650" ind1=" " ind2="0">
         <marc:subfield code="a">Arabic language</marc:subfield>
         <marc:subfield code="x">Rhetoric.</marc:subfield>
      </marc:datafield>
      <marc:datafield tag="650" ind1=" " ind2="0">
         <marc:subfield code="a">Logic, Medieval.</marc:subfield>
      </marc:datafield>
      <marc:datafield tag="600" ind1="1" ind2="0">
         <marc:subfield code="6">880-04</marc:subfield>
         <marc:subfield code="a">Ant&#x323;a&#x304;ki&#x304;, Mah&#x323;mu&#x304;d.</marc:subfield>
         <marc:subfield code="t">&#x2BB;Ala&#x304;qah.</marc:subfield>
      </marc:datafield>
      <marc:datafield tag="700" ind1="1" ind2="2">
         <marc:subfield code="6">880-05</marc:subfield>
         <marc:subfield code="a">Qazwi&#x304;ni&#x304;, &#x2BB;Ali&#x304; ibn &#x2BB;Umar,</marc:subfield>
         <marc:subfield code="d">1203 or 4-1276 or 7.</marc:subfield>
         <marc:subfield code="t">Risa&#x304;lah al-shamsi&#x304;yah fi&#x304; al-qawa&#x304;&#x2BB;id al-mant&#x323;iqi&#x304;yah.</marc:subfield>
         <marc:subfield code="f">1872.</marc:subfield>
      </marc:datafield>
      <marc:datafield tag="880" ind1="1" ind2=" ">
         <marc:subfield code="6">100-01/r</marc:subfield>
         <marc:subfield code="a">&#x645;&#x635;&#x646;&#x641;&#x643;&#x60C; &#x628;&#x643;&#x631; &#x628;&#x646; &#x627;&#x62D;&#x645;&#x62F; &#x627;&#x644;&#x645;&#x646;&#x62A;&#x634;&#x648;&#x64A;.</marc:subfield>
      </marc:datafield>
      <marc:datafield tag="880" ind1="1" ind2="0">
         <marc:subfield code="6">245-02/r</marc:subfield>
         <marc:subfield code="a">&#x634;&#x631;&#x62D; &#x639;&#x644;&#x627;&#x642;&#x629; /</marc:subfield>
         <marc:subfield code="c">&#x644;&#x645;&#x635;&#x646;&#x641;&#x643;.  &#x634;&#x645;&#x633;&#x64A;&#x629; / [&#x646;&#x62C;&#x645; &#x627;&#x644;&#x62F;&#x64A;&#x646; &#x639;&#x644;&#x64A; &#x628;&#x646; &#x639;&#x645;&#x631; &#x627;&#x644;&#x643;&#x627;&#x62A;&#x628;&#x64A;].</marc:subfield>
      </marc:datafield>
      <marc:datafield tag="880" ind1=" " ind2=" ">
         <marc:subfield code="6">260-03/r</marc:subfield>
         <marc:subfield code="a">[Istanbul  :</marc:subfield>
         <marc:subfield code="b">s.n.] &#x61B;</marc:subfield>
         <marc:subfield code="c">1289 [1872 or 1873]</marc:subfield>
         <marc:subfield code="e">([Istanbul] :</marc:subfield>
         <marc:subfield code="f">&#x627;&#x644;&#x645;&#x637;&#x628;&#x639;&#x629; &#x627;&#x644;&#x639;&#x627;&#x645;&#x631;&#x629;).</marc:subfield>
      </marc:datafield>
      <marc:datafield tag="880" ind1="1" ind2="0">
         <marc:subfield code="6">600-04/r</marc:subfield>
         <marc:subfield code="a">&#x627;&#x646;&#x637;&#x627;&#x643;&#x64A;&#x60C; &#x645;&#x62D;&#x645;&#x648;&#x62F;.</marc:subfield>
         <marc:subfield code="t">&#x639;&#x644;&#x627;&#x642;&#x629;.</marc:subfield>
      </marc:datafield>
      <marc:datafield tag="880" ind1="1" ind2="2">
         <marc:subfield code="6">700-05/r</marc:subfield>
         <marc:subfield code="a">&#x642;&#x632;&#x648;&#x64A;&#x646;&#x64A;&#x60C; &#x639;&#x644;&#x64A; &#x628;&#x646; &#x639;&#x645;&#x631;&#x60C;</marc:subfield>
         <marc:subfield code="d">1203 or 4-1276 or 7.</marc:subfield>
         <marc:subfield code="t">&#x631;&#x633;&#x627;&#x644;&#x629; &#x627;&#x644;&#x634;&#x645;&#x633;&#x64A;&#x629; &#x641;&#x64A; &#x627;&#x644;&#x642;&#x648;&#x627;&#x639;&#x62F; &#x627;&#x644;&#x645;&#x646;&#x637;&#x642;&#x64A;&#x629;.</marc:subfield>
         <marc:subfield code="f">1872.</marc:subfield>
      </marc:datafield>
      <marc:datafield tag="856" ind1="4" ind2=" ">
         <marc:subfield code="u">http://hdl.handle.net/2027/njp.32101017997550</marc:subfield>
      </marc:datafield>
      <marc:datafield tag="998" ind1=" " ind2=" ">
         <marc:subfield code="a">07/13/93</marc:subfield>
         <marc:subfield code="s">9114</marc:subfield>
         <marc:subfield code="n">NjP</marc:subfield>
         <marc:subfield code="w">NJPG90B10831</marc:subfield>
         <marc:subfield code="d">03/07/90</marc:subfield>
         <marc:subfield code="c">SVS</marc:subfield>
         <marc:subfield code="b">CDD</marc:subfield>
         <marc:subfield code="i">930713</marc:subfield>
         <marc:subfield code="l">NJPG</marc:subfield>
      </marc:datafield>
      <marc:datafield tag="911" ind1=" " ind2=" ">
         <marc:subfield code="a">19930723</marc:subfield>
      </marc:datafield>
      <marc:datafield tag="912" ind1=" " ind2=" ">
         <marc:subfield code="a">19930713000000.0</marc:subfield>
      </marc:datafield>
      <marc:datafield tag="994" ind1=" " ind2=" ">
         <marc:subfield code="a">C0</marc:subfield>
         <marc:subfield code="b">PUL</marc:subfield>
      </marc:datafield>
      <marc:datafield tag="999" ind1=" " ind2=" ">
         <marc:subfield code="a">568657</marc:subfield>
      </marc:datafield>
   </marc:record>
</marc:collection>
